% https://latex-tutorial.com/tutorials/bibtex/#bib-file

@book{DUMMY:1,
  author    = {John Doe},
  title     = {The Book without Title},
  publisher = {Dummy Publisher},
  year      = {2100}
}

@article{ARTICLE:1,
  author  = {John Doe},
  title   = {Title},
  journal = {Journal},
  year    = {2017}
}

@inbook{BOOK:2,
  author    = {John Doe},
  title     = {The Book without Title},
  publisher = {Dummy Publisher},
  year      = {2100},
  pages     = {100-200}
}

@misc{WEBSITE:1,
  howpublished = {\url{http://example.com}},
  author       = {Intel},
  title        = {Example Website},
  month        = {Dec},
  year         = {1988},
  note         = {Accessed on 2012-11-11}
}